@inproceedings{last2003,
  title={Understanding the group development process in global software teams},
  author={Last, M.Z.},
  booktitle={Frontiers in Education, 2003. FIE 2003 33rd Annual},
  volume={3},
  pages={S1F--20},
  year={2003},
  organization={IEEE}
}

@article{german2003,
  author = {German, Daniel M.},
  title = {The GNOME project: a case study of open source, global software development},
  journal = {Software Process: Improvement and Practice},
  volume = {8},
  number = {4},
  publisher = {John Wiley & Sons, Ltd.},
  issn = {1099-1670},
  url = {http://dx.doi.org/10.1002/spip.189},
  doi = {10.1002/spip.189},
  pages = {201--215},
  keywords = {software engineering, global software development, open source software, empirical study, management of software projects},
  year = {2003},
}

@book{carmel1999,
 author = {Carmel, Erran},
 title = {Global software teams: collaborating across borders and time zones},
 year = {1999},
 isbn = {0-13-924218-X},
 publisher = {Prentice Hall PTR},
 address = {Upper Saddle River, NJ, USA},
} 

@article{komi2005,
  title={Lessons learned by participants of distributed software development},
  author={Komi-Sirvi{\"o}, S. and Tihinen, M.},
  journal={Knowledge and Process Management},
  volume={12},
  number={2},
  pages={108--122},
  year={2005},
  publisher={Wiley Online Library}
}

@article{carmel2001,
  title={Tactical approaches for alleviating distance in global software development},
  author={Carmel, E. and Agarwal, R.},
  journal={Software, IEEE},
  volume={18},
  number={2},
  pages={22--29},
  year={2001},
  publisher={IEEE}
}

@article{battin2001,
  title={Leveraging resources in global software development},
  author={Battin, R.D. and Crocker, R. and Kreidler, J. and Subramanian, K.},
  journal={Software, IEEE},
  volume={18},
  number={2},
  pages={70--77},
  year={2001},
  publisher={IEEE}
}
