@misc{ccmalloc,
	author = "Armin Biere",
	howpublished = "\url{http://www2.inf.ethz.ch/personal/biere/projects/ccmalloc/#introduction}",
	title = "The ccmalloc memory-leak tracing tool",
}

@misc{valgrind,
	author = "Julian Seward",
	howpublished = "\url{http://valgrind.kde.org}",
	title = "Valgrind: a {GPL}'d system for debugging and profiling x86-{L}inux programs",
}

@misc{animal,
	author = "Fabbri, R",
	howpublished = "\url{http://animal.sourceforge.net}",
	title = "Animal -- {A}n {IMA}ge {L}ibrary",
}

@misc{edtweb,
  author = "Fabbri, R and O. M. Bruno and L. da F. Costa and J. C. 
    Torelli",
  howpublished = "\url{http://cyvision.if.sc.usp.br/~rfabbri/edt}",
  title = "Resultados completos e implementação de algoritmos 
    relativos ao trabalho `{C}omparação e desenvolvimento de 
    algoritmos de transformada de distância euclidiana e 
    aplicações'.",
}

@misc{sip, author = "Fabbri, R",
	howpublished = "\url{http://siptoolbox.sourceforge.net}",
	title = "{SIP} -- The {S}cilab {I}mage {P}rocessing Toolbox",
}

@misc{sip, author = "Fabbri, R",
	howpublished = "\url{http://siptoolbox.sourceforge.net}",
	title = "{SIP} -- The {S}cilab {I}mage {P}rocessing Toolbox",
}

@misc{cvs, author = "{Free Software Foundation}",
	howpublished = "\url{www.cvshome.org}",
	title = "{CVS} -- a version control system",
}

@misc{shapelab, author = "{Brown University}",
	howpublished = "\url{http://www.lems.brown.edu/vision/extra/SHAPE/}",
	title = "S.H.A.P.E. Project",
}

@article{siplj,
    author = "Fabbri, Ricardo and Costa, L. F. and Bruno, O.  M.",
    journal = "Linux Journal",
    note = "accepted",
    title = "Scilab and {SIP} for Image Processing",
    year = "2004",
}

%
% DT Methods
%

@article{Falcao:2002,
    author = "Falcao, A. X. and Costa, L. F. and da Cunha, B. S.",
    journal = "Pattern Recognition",
    month = "jul",
    number = "7",
    pages = "1571--1582",
    title = "Multiscale skeletons by image foresting transform and its application to neuromorphometry",
    volume = "35",
    year = "2002",
}

@article{Maurer,
	author = "Maurer, C.R. and  R. Qi and  V. Raghavan",
	journal = "IEEE Transactions on Pattern Analysis and Machine Intelligence",
	month = "feb",
	number = "2",
	pages = "265-270",
	title = "A Linear Time Algorithm for Computing the {E}uclidean Distance Transform in Arbitrary Dimensions",
	volume = "25",
	year = "2003",
}


@article{Borgefors:1984,
    author = "Borgefors, G",
    journal = "Computer Vision, Graphics, and Image Processing",
    pages = "321--345",
    title = "Distance Transformations in Arbitrary Dimensions",
    volume = "27",
    year = "1984",
}
@article{Borgefors:1986,
	author = "Borgefors, G",
	journal = "Computer Vision, Graphics, and Image Processing",
	pages = "344--371",
	title = "Distance Transformations in Digital Images",
	volume = "34",
	year = "1986",
}



@article{Ge:1996,
    author = "Ge, Y and Fitzpatrick, JM",
    journal = "IEEE Transactions on Pattern Analysis and Machine Intelligence",
    number = "11",
    pages = "1055--1066",
    title = "On the Generation of Skeletons from Discrete {E}uclidean Distance Maps",
    volume = "18",
    year = "1996",
}

@article{Boxer:2000,
	author = "L. Boxer and  R. Miller",
	journal = "Computer Vision and Image Understanding Notes",
	pages = "379-383",
	title = "Efficient Computation of the {E}uclidean Distance Transform",
	volume = "80",
	year = "2000",
}

@article{Ragnemalm,
    author = "Ragnemalm, I",
    journal = "{CVGIP} - Image Understanding",
    number = "3",
    pages = "399--409",
    title = "Neighborhoods for Distance Transformations Using Ordered Propagation",
    volume = "56",
    year = "1992",
}

@article{Ragnemalm:1992b,
    author = "I. Ragnelmam",
    journal = "Pattern Recognition Letters",
    pages = "161-166",
    title = "Fast erosion and dilation by contour processing and thresholding of distance maps.",
    volume = "13",
    year = "1992",
}

@article{Mullikin:1992,
    author = "Mullikin, J.C",
    journal = "Graphical Models and Image Processing",
    number = "6",
    pages = "526-535",
    title = "The vector distance transform in two and three dimensions",
    volume = "54",
    year = "1992",
}

@article{Danielsson,
	author = "Danielsson, P-E",
	journal = "Computer Graphics and Image Processing",
	pages = "227--248",
	title = "{E}uclidean Distance Mapping",
	volume = "14",
	year = "1980",
}

@inproceedings{Vincent:1991,
	author = "Vincent, L",
	booktitle = "Proceedings of the IEEE Computer Vision and Pattern Recognition '91",
	pages = "520--525",
	title = "Exact {E}uclidean Distance Function by Chain Propagations",
	year = "1991",
}

@phdthesis{CuisenaireThesis,
	address = "Belgique",
	author = "Cuisenaire, O",
	month = "oct",
	school = "Université Catholique de Louvain",
	title = "Distance Transformations: Fast Algorithms and Applications to Medical Image Processing",
	year = "1999",
}

@article{CuisenaireCVIU,
	author = "Cuisenaire, O and  Macq, B",
	journal = "Computer Vision and Image Understanding",
	number = "2",
	pages = "163--172",
	title = "Fast {E}uclidean Distance Transformation by Propagation Using Multiple Neighborhoods",
	volume = "76",
	year = "1999",
}

@inproceedings{CuisenaireRaster,
    address = "Phoenix, USA",
    author = "O. Cuisenaire and B. Macq",
    booktitle = "ICASSP\'99 - IEEE Intl Conference on Acoustics, Speech and Signal Processing",
    month = "mar",
    pages = "3293-3296",
    title = "Fast and exact signed {E}uclidean distance transformation with linear complexity",
    volume = "6",
    year = "1999",
}

@article{F.leymarie:1992,
	author = "F. Leymarie and  M.D. Levine",
	journal = "Computer Vision and Image Understanding",
	month = "jan",
	number = "1",
	title = "Fast Raster Scan Distance Propagation on the Discrete Rectangular Lattice",
	volume = "55",
	year = "1992",
}

@article{Breu,
	author = "Breu, H and  Gil, J and  Kirkpatrick, D and  Werman, M",
	journal = "IEEE Transactions on Pattern Analysis and Machine Intelligence",
	number = "5",
	pages = "529--533",
	title = "Linear Time {E}uclidean Distance Transform Algorithms",
	volume = "17",
	year = "1995",
}

@article{GuanMa,
    author = "Weiguang Guan and Songde Ma",
    journal = "Pattern Analysis and Machine Intelligence",
    month = "jul",
    number = "7",
    pages = "757-761",
    title = "A list-processing approach to compute {V}oronoi diagrams
      and the {E}uclidean distance transform",
    volume = "20",
    year = "1998",
}

@article{Saito,
	author = "T. Saito and  J.i. Toriwaki",
	journal = "Pattern Recognition",
	number = "11",
	pages = "1551-1565",
	title = "New algorithms for {E}uclidean distance transformations of an n-dimensional digitised picture with applications",
	volume = "27",
	year = "1994",
}

@article{Mehnert:1999,
	author = "Mehnert, A.J.H. and  Jackway, P.T.",
	journal = "Journal of Mathematical Imaging and Vision",
	month = "dec",
	number = "3",
	pages = "223-230",
	title = "On Computing the Exact {E}uclidean Distance Transform on Rectangular and Hexagonal Grids",
	volume = "11",
	year = "1999",
}

@article{Marina:2001,
	author = "Marina L. Gavrilova and  Muhammad H. Alsuwaiyel",
	journal = "International Journal of Image and Graphics",
	number = "4",
	pages = "635-645",
	title = "Two Algorithms For Computing the {E}uclidean distance transform",
	volume = "1",
	year = "2001",
}

@article{Eggers,
    author = "Eggers, H",
    journal = "Computer Vision and Image Understanding",
    month = "jan",
    number = "1",
    pages = "106-116",
    title = "Two Fast {E}uclidean Distance Transformations in
       $\mathbb{Z}^2$ Based on Sufficient Propagation",
    volume = "69",
    year = "1998",
}

%%%%%%%%%%%%%%%%%%%%%%%%%%%%%%%%%%%%%%%%%%%%%%%%%%
% TD APLICS
%
@article{Liu:1990,
	author = "H.C. Liu and  M.D. Srinath",
	journal = "IEEE Transactions on Pattern Analysis and Machine Intelligence",
	number = "11",
	pages = "1072-1079",
	title = "Partial Shape Classification Using Contour Matching in Distance Transformation",
	volume = "12",
	year = "1990",
}

@article{You:1995,
	author = "J. You and  E. Pissaloux and  W. P. Zhu and  H. A. Cohen",
	journal = "Real-time Imaging",
	month = "oct",
	number = "4",
	pages = "245-259",
	title = "Efficient Image Matching: A Hierarchical Chamfer Matching Scheme Via Distributed System",
	volume = "1",
	year = "1995",
}

@article{Borgefors:1997,
    author = "Borgefors, G and Nyström, I",
    journal = "Pattern Recognition Letters",
    pages = "465--472",
    title = "Efficient shape representation by minimizing the set of centres of maximal discs/spheres",
    year = "1997",
}

@inproceedings{Chin:2001,
    author = "Y.t. Chin and H. Wang and L. P. Tay and And Y. C. Soh",
    booktitle = "Proceedings of 32nd International Symposium on Robotics",
    month = "apr",
    pages = "1416-1421",
    title = "Vision Guided {AGV} Using Distance Transform",
    year = "2001",
}

@article{Dorota:1997,
    author = "Dorota Kozinska and Oleh J. Tretiak and Jonathan Nissanov and Cengizhan Ozturk",
    journal = "Graphical Models and Image Processing",
    month = "nov",
    number = "6",
    pages = "373-496",
    title = "Multidimensional Alignment Using the {E}uclidean Distance Transform",
    volume = "59",
    year = "1997",
}

@article{Coelho:1996,
    author = "Coelho, RC and Costa, LF",
    journal = "Applied Signal Processing",
    pages = "163-176",
    title = "On the application of the {B}ouligand-{M}inkowski fractal dimension for shape characterisation",
    volume = "3",
    year = "1996",
}

@article{Starovoitov:1996,
    author = "V. Starovoitov",
    journal = "Pattern Recognition Letters",
    number = "3",
    pages = "231-239",
    title = "A clustering technique based on the distance transform",
    volume = "17",
    year = "1996",
}

@incollection{Zeng:2003,
    author = "Zeng, PF and Hirata, T",
    booktitle = "Geometry, Morphology and Computational Imaging",
    pages = "86-100",
    publisher = "Springer-{V}erlag",
    series = "Lecture Notes in Computer Science",
    title = "Distance map based enhancement for interpolated images",
    volume = "2616",
    year = "2003",
}

@article{Kovacs:1995,
    author = "Zs. M. Kovács-V. and R. Guerrieri",
    journal = "Pattern Recognition",
    month = "mar",
    number = "3",
    pages = "293-301",
    title = "Massively-parallel handwritten character recognition based on the distance transform",
    volume = "28",
    year = "1995",
}

@article{Travis:1996,
    author = "A. J. Travis and D. J. Hirst and A. Chesson",
    journal = "Annals of Botany",
    pages = "325-331",
    title = "Automatic Classification of Plant Cells According to Tissue Type using Anatomical Features Obtained by the Distance Transform",
    volume = "78",
    year = "1996",
}

@article{Paglieroni:1997,
    author = "David W. Paglieroni",
    journal = "Graphical Models and Image Processing",
    month = "jul",
    number = "4",
    pages = "253-264",
    title = "Directional Distance Transforms and Height Field Preprocessing for Efficient Ray Tracing",
    volume = "59",
    year = "1997",
}

@article{Toivanen:1999,
    author = "Pekka J. Toivanen and Ari M. Vepsäläinen and And Jussi P. S. Parkkinen",
    journal = "Pattern Recognition Letters",
    month = "oct",
    number = "10",
    pages = "1015-1026",
    title = "Image compression using the distance transform on curved space (DTOCS) and Delaunay triangulation",
    volume = "20",
    year = "1999",
}

@article{Holden:2001,
    author = "N. M. Holden",
    journal = "European Journal of Soil Science",
    month = "dec",
    number = "4",
    pages = "529-545",
    title = "Description and classification of soil structure using distance transform data",
    volume = "52",
    year = "2001",
}

%
% TDs in Medical Imaging
%

@article{Yen-hao:1998,
	author = "Yen-hao Tseng and  Jenq-neng Hwang and  Florence H. Sheehan",
	journal = "The Journal of {VLSI} Signal Processing--systems For Signal, Image, and Video Technology",
	month = "apr",
	number = "3",
	title = "3{D} Heart Modeling and Motion Estimation Based on Continuous Distance Transform Neural Networks and Affine Transform",
	volume = "18",
	year = "1998",
}

@article{Wintermark:2002,
	author = "M. Wintermark and  M. Reichhart and  O. Cuisenaire and  P.
    Maeder and  J.P. Thiran and  P. Schnyder and  J. Bogousslavsky and
    R. Meuli",
	journal = "Stroke",
	month = "aug",
	number = "33",
	pages = "2025-2031",
	title = "Comparison of admission perfusion computed tomography and qualitative diffusion- and perfusion-weighted magnetic resonance imaging in acute stroke patients",
	volume = "8",
	year = "2002",
}

@article{Mangin:1994,
	author = "J.F. Mangin and  V. Froin and  I. Bloch and  B. Bendriem and  J. Lopez-Krahe",
	journal = "Journal of Cerebral Blood Flow and Mechanism",
	pages = "749-792",
	title = "Fast non-supervised 3{D} registration of PET and MR Images from the brain",
	volume = "14",
	year = "1994",
}

@article{Jolesz:1997,
	author = "F.A. Jolesz and  W.e. Loresen and  H. Shinmoto and  H. Atsumi and  S. Nakajima and  P. Kavanaugh and  P. Saiviroonporn and  S.e. Seltzer and  S.g. Silverman and  M. Phillips and  R. Kikinis",
	journal = "American Journal of Radiology",
	pages = "1229-1237",
	title = "Interactive virtual endoscopy",
	volume = "169",
	year = "1997",
}

@article{Thiran:1996,
	author = "J.P. Thiran and  B. Macq",
	journal = "IEEE Transactions on Biomedical Engineering",
	pages = "1011-1019",
	title = "Morphological feature extraction for the classification of digital images of cancerous tissues",
	volume = "43",
	year = "1996",
}

@book{Serra:1982,
    author = "Serra, J",
    editor = "",
    publisher = "Academic Press",
    title = "Image Analysis and Mathematical Morphology",
    volume = "1",
    year = "1982",
}

@article{Shih:1992,
    author = "F. Y. C. Shih and O. R. Mitchell",
    journal = "IEEE Transactions on Pattern Analysis and Machine Intelligence",
    pages = "197-204",
    title = "A mathematical morphology approach to {E}uclidean distance transformation",
    volume = "1",
    year = "1992",
}

@article{Huang:1994,
    author = "Huang, C.T. and Mitchell, O.R.",
    journal = "Pattern Analysis and Machine Intelligence, IEEE Transactions On",
    month = "apr",
    number = "4",
    pages = "443-448",
    title = "A {E}uclidean distance transform using grayscale morphology decomposition",
    volume = "16",
    year = "1994",
}

@misc{scilab,
	author = "{INRIA}",
	howpublished = "\url{www.scilab.org}",
	title = "Scilab Numerical Programming Environment",
}

@misc{vxl,
	howpublished = "\url{http://vxl.sourceforge.net}",
	title = "The {VXL} {C}++ Computer Vision Libraries",
}

%%%%%%%%%%%%%%%%%%%%%%%%%%%%%%%%%%%%%%%%%%%%%%%%%%
% Other refs
%

@article{Fabbri:2002,
	author = "Fabbri, R and  Estrozi, LF and  Costa, LDF",
	journal = "Journal of Mathematical Imaging and Vision",
	month = "jul",
	number = "1",
	pages = "27--40",
	title = "On {V}oronoi diagrams and medial axes",
	volume = "17",
	year = "2002",
}

@article{Soille:1991,
    author = "Soille, P and Vincent, L",
    journal = "IEEE T. Patt. Anal. Mach. Intel.",
    number = "6",
    pages = "583-598",
    title = "Watersheds in digital spaces: An efficient algorithm based on imersion simmulations",
    volume = "13",
    year = "1991",
}

@book{Parker:1997,
    author = "Parker, R",
    editor = "",
    publisher = "Wiley",
    title = "Algorithms for image processing and computer vision",
    year = "1997",
}

@article{Chen:1989,
    author = "Chen, M and Yan, P",
    journal = "IEEE Patt. Anal. Mach. Intel.",
    number = "7",
    pages = "694-700",
    title = "Multiscaling approach based on morphological filtering",
    volume = "11",
    year = "1989",
}

@article{Costa:1999,
    author = "Costa, LF and Estrozi, LF",
    journal = "Electronics Letters",
    number = "21",
    pages = "1829-1830",
    title = "Multiresolution shape representation without border shifting",
    volume = "35",
    year = "1999",
}

@article{IFT,
    author = "Falcao, A.X. and Stolfi, J. and Lotufo, R. A.",
    journal = "IEEE Transactions on Pattern Analysis and Machine Intelligence",
    month = "jan",
    number = "1",
    pages = "19-29",
    title = "The Image Foresting Transform: theory, algorithms, and applications",
    volume = "26",
    year = "2004",
}

@article{Costa:2000,
    author = "Costa, LF",
    journal = "Real Time Imaging",
    pages = "415-431",
    title = "Robust skeletonization through exact {E}uclidean distance transform and its application to neuromorphometry",
    volume = "6",
    year = "2000",
}

@book{Sethian:1999,
    author = "Sethian, JA",
    editor = "",
    publisher = "Cambridge University Press",
    title = "Level Set Methods and Fast Marching Methods: Evolving Interfaces in Computational Geometry",
    year = "1999",
}

@article{Rosenfeld66,
    author = "Rosenfeld, A and Pfaltz, J.L.",
    journal = "Journal of the ACM",
    number = "4",
    title = "Sequential operations in digital picture processing",
    volume = "13",
    year = "1966",
}

@article{Rosenfeld68,
	author = "Rosenfeld, A and  Pfaltz, JL",
	journal = "Pattern Recognition",
	number = "1",
	pages = "33--61",
	title = "Distance Functions on Digital Pictures",
	volume = "1",
	year = "1968",
}

@article{Aurenhammer,
    author = "Aurenhammer, F",
    journal = "ACM Computing Surveys",
    number = "3",
    pages = "345-405",
    title = "{V}oronoi diagrams - a survey of a fundamental data structure",
    volume = "23",
    year = "1991",
}

@book{Preparata,
    author = "Preparata, FP and Shamos, MI",
    editor = "",
    publisher = "Springer-{V}erlag",
    title = "Computational Geometry",
    year = "1990",
}

@article{Fortune,
    author = "S. J. Fortune",
    journal = "Algorithmica",
    number = "2",
    pages = "153-174",
    title = "A sweepline algorithm for {V}oronoi diagrams",
    year = "1987",
}

@article{Jain:1991,
    author = "Jain, R and Binford, T",
    journal = "CVGIP",
    number = "1",
    pages = "112-117",
    title = "Dialogue: Ignorance, Myopia, and Naivete in Computer Vision Systems",
    volume = "53",
    year = "1991",
}

@article{Shih:2004,
    author = "Frank Y. Shih and Yi-Ta Wu",
    journal = "Computer Vision and Image Understanding",
    month = "feb",
    number = "2",
    pages = "195 - 205",
    title = "Fast {E}uclidean distance transformation in two scans using a $3 \times 3$ neighborhood",
    volume = "93",
    year = "2004",
}

@article{KovacsNature,
    author = "Kovács, I and Julesz, B",
    journal = "Nature",
    number = "6491",
    pages = "644-646",
    title = "Perceptual sensitivity maps within globally defined visual shapes",
    volume = "370",
    year = "1994",
}

@inbook{Blum:1967,
    author = "Blum, H",
    editor = "Wathen Dunn, W",
    address = "Cambridge, Mass.",
    pages = "362-380",
    publisher = "Mit Press",
    series = "Models for the Perception of Speech and Visual Forms",
    title = "A transformation for extracting new descriptors of shape",
    year = "1967",
}

@book{LeytonBook,
    author = "Michael Leyton",
    editor = "",
    month = "apr",
    publisher = "Mit Press",
    title = "Symmetry, Causality, Mind",
    year = "1992",
}

@article{Kimia:2003,
    author = "Benjamin B. Kimia",
    journal = "Journal of Physiology",
    note = "Accepted for publication",
    title = "On the role of medial geometry in human vision",
    year = "2003",
} 

@article{KnuthBigOh,
    author = "Donald E. Knuth",
    journal = "Sigact News",
    number = "2",
    pages = "18-24",
    title = "Big {O}micron and Big {O}mega and Big {T}heta",
    volume = "8",
    year = "1976",
}

@book{AHU,
    author = "Alfred V. Aho and John E. Hopcroft and Jeffrey Ullman",
    editor = "",
    publisher = "Addison Wesley",
    title = "Data Structures and Algorithms",
    year = "1982",
}

@book{RosenfeldBook,
    author = "A. Rosenfeld and A. C. Kak",
    editor = "",
    publisher = "Academic Press",
    title = "Digital Picture Processing",
    year = "1976",
}

@inproceedings{Zampirolli:EDTClassific,
    address = "Gramado, RS, Brasil",
    author = "F. A. Zampirolli and R. A. Lotufo",
    booktitle = "Proccedings of SIBGRAPI, XIII Brazilian Symposium on Computer Graphics and Image Processing",
    title = "Classification of the Distance Transformation Algorithms Under the Mathematical Morphology Approach",
    year = "2000",
}

@article{Dijkstra,
    author = "Dijkstra, E. W.",
    journal = "Numerische Math.",
    pages = "269-271",
    title = "A Note on Two Problems in Connection with Graphs",
    volume = "1",
    year = "1959",
}

@book{AhujaBook,
	author = "Ravindra K. Ahuja and  Thomas L. Magnanti and  James B. Orlin",
	month = "feb",
	publisher = "Prentice Hall",
	title = "Network Flows: Theory, Algorithms, and Applications",
	year = "1993",
}

@article{Bellman,
	author = "R. Bellman",
	journal = "Quaterly of Applied Mathematics",
	pages = "87-90",
	title = "On a Routing Problem",
	volume = "16",
	year = "1958",
}

@article{Dial,
	author = "Dial, R. B.",
	journal = "Communications of the ACM",
	pages = "632-633",
	title = "Shortest Path Forest with Topological Ordering",
	volume = "12",
	year = "1969",
}

@inproceedings{Moore,
	address = "Cambridge, MA",
	author = "Moore, E. F.",
	booktitle = "roc. Internat. Symp. Switching Th., Part II",
	pages = "285-292",
	publisher = "Harvard University Press",
	title = "The Shortest Path through a Maze",
	year = "1959",
}

@article{Montanari:1968,
	author = "Montanari, U",
	journal = "Journal of the Association For Computing Machinery",
	number = "4",
	pages = "600--624",
	title = "A Method for Obtaining Skeletons Using a Quasi-{E}uclidean Distance",
	volume = "15",
	year = "1968",
}

@article{Verwer,
	author = "Verwer, B.J.H. and  Verbeek, P.W. and  Dekker, S.T.",
	journal = "IEEE Transactions on Patt. Anal. and Mach. Intel.",
	month = "apr",
	number = "4",
	pages = "425-429",
	title = "An efficient uniform cost algorithm applied to distance transforms",
	volume = "11",
	year = "1989",
}

@inproceedings{Meijster:2000,
	author = "A. Meijster and  J.b.t.m. Roerdink and  W.h. Hesselink",
	booktitle = "Mathematical Morphology and its Applications to Image and Signal Processing (Proc. 5th Int. Conf)",
	title = "A general algorithm for computing distance transforms in linear time",
	year = "2000",
}

@article{Sharaiha:1994,
	author = "Sharaiha, YM and  Christofides, N",
	journal = "Pattern Recognition Letters",
	pages = "1035--1041",
	title = "A graph-theoretic approach to distance transformations",
	volume = "15",
	year = "1994",
}

@article{Hirata:1996,
	author = "Tomio Hirata",
	journal = "Inf. Process. Lett.",
	number = "3",
	pages = "129--133",
	title = "A unified linear-time algorithm for computing distance maps",
	volume = "58",
	year = "1996",
}

@article{PiperGranum,
	author = "J. Piper and E. Granum",
	journal = "Pattern Recognition",
	number = "6",
	pages = "599--615",
	title = "Computing distance transforms in convex and non-convex domains",
	volume = "20",
	year = "1987",
}

@article{Paglieroni:1992,
	author = "Paglieroni, D. W.",
	journal = "Graphical Models and Image Processing",
	number = "1",
	pages = "56--74",
	title = "Distance Transforms: Properties and Machine Vision Applications",
	volume = "54",
	year = "1992",
}

@article{Mihail:1992,
	author = "Mihail N. Kolountzakis and  Kiriakos N. Kutulakos",
	journal = "Inf. Process. Lett.",
	number = "4",
	pages = "181--184",
	title = "Fast computation of the {E}uclidean distance maps for binary
    images: Fast computations of the {E}uclidean distance maps for binary images",
	volume = "43",
	year = "1992",
}

@article{Maragos:1998,
	author = "Akmal Butt, M. and  Maragos, P.",
	journal = "Image Processing, IEEE Transactions On
 Image Processing, IEEE Transactions On
Image Processing, IEEE Transactions On",
	month = "oct",
	number = "10",
	title = "Optimum design of chamfer distance transforms",
	volume = "7",
	year = "1998",
}

@article{Shih:1998,
	author = "Shih, FY and  Liu, J",
	journal = "Pattern Recognition",
	number = "11",
	pages = "1761--1766",
	title = "Size-invariant Four-scan {E}uclidean Distance Transformation",
	volume = "31",
	year = "1998",
}

@article{Leymarie:1992,
	author = "F. Leymarie and  M. D. Levine",
	journal = "Computer Vision and Image Understanding",
	month = "jan",
	number = "1",
	title = "Fast Raster Scan Distance Propagation on the Discrete Rectangular Lattice",
	volume = "55",
	year = "1992",
}

@article{Ragnemalm:1993,
	author = "I. Ragnemalm",
	journal = "Pattern Regocgnition Letters",
	pages = "883--888",
	title = "The {E}uclidean distance transformation in arbitrary dimensions",
	volume = "14",
	year = "1993",
}

@article{Paglieroni:1992:unified,
	author = "David W. Paglieroni",
	journal = "Mach. Vision Appl.",
	number = "1",
	pages = "47--55",
	title = "A unified distance transform algorithm and architecture",
	volume = "5",
	year = "1992",
}

@article{ChenChuang:1994,
    author = "L. Chen and H. Y. H. Chuang",
    journal = "Information Processing Letters",
    pages = "25-29",
    title = "A Fast Algorithm for {E}uclidean Distance Maps of a 2-D Binary Image",
    volume = "51",
    year = "1994",
}

@misc{Lotufo:2004:Submitted,
    author = "Lotufo, R. A. and F. A. Zampirolli",
    journal = "IEEE Trans. Image Processing",
    month = "march",
    title = "Multidimensional Parallel {EDT} using 1D erosions by
      Propagation",
    year = "2003",
    note = "submetido",
}

@phdthesis{ZampirolliThesis,
    address = "Campinas, Brasil",
    author = "F. A. Zampirolli",
    month = "jun",
    school = "UNICAMP",
    title = "Transformada de Distância por Morfologia Matemática",
    year = "2003",
}

@article{Ogniewicz:1995,
    author = "R. L. Ogniewicz and O.Kübler",
    title = "{V}oronoi Tessellation of Points with Integer Coordinates: Time-Efficient Implementation and Online Edge-List Generation",
    journal = "Pattern Recognition, Pergamon Press",
    volume = "28",
    year = "1995",
    url = "citeseer.ist.psu.edu/ogniewicz93voronoi.html" 
}

@book{Fritz:1982,
    author = "Fritz John",
    edition = "4th",
    editor = "",
    publisher = "Springer-{V}erlag",
    series = "Universitext",
    title = "Partial Differential Equations",
    year = "1982",
}

@book{Brigham,
    author = "E. Oran Brigham",
    editor = "",
    publisher = "Prentice Hall",
    title = "The Fast Fourier Transform and Its Applications",
    year = "1988",
}


@article{Tek:Wave:Propagation:IJCV03,
  author = {Huseyin Tek and Benjamin B. Kimia},
  title = {Symmetry Maps of Free-Form Curve Segments Via Wave Propagation},
  journal = {IJCV}, 
  pages = {35--81}, 
  month = {August}, 
  volume =   {54},
  number =   {Issue 1-3},
  year = {2003},
}

@article{Svensson:1999,
    author = "Svensson, S and Borgefors, G",
    journal = "Journal of Visual Communication and Image Representation",
    number = "4",
    pages = "379--397",
    title = "On Reversible Skeletonization Using Anchor-Points from Distance Transforms",
    volume = "10",
    year = "1999",
}

@article{Tek:2001,
	author = "Huseyin Tek and  Benjamin B. Kimia",
	journal = "Journal of Mathematical Imaging and Vision",
	month = "may",
	number = "3",
	pages = "211-223",
	title = "Boundary smoothing via symmetry transforms",
	volume = "14",
	year = "2001",
}

@article{Sharaiha:1994,
    author = "Sharaiha, YM and Christofides, N",
    journal = "Pattern Recognition Letters",
    pages = "1035--1041",
    title = "A graph-theoretic approach to distance transformations",
    volume = "15",
    year = "1994",
}

@article{Saito:1994,
    author = "T. Saito and J. I. Toriwaki",
    journal = "Pattern Recognition",
    number = "11",
    pages = "1551-1565",
    title = "New algorithms for {E}uclidean distance transformations of an n-dimensional digitised picture with applications",
    volume = "27",
    year = "1994",
}

@inproceedings{Lotufo:2001,
    author = "R. Lotufo and F. Zampirolli",
    booktitle = "Proccedings of SIBGRAPI, XIV Brazilian Sympo­ sium on Computer Graphics and Image Processing",
    pages = "100-105",
    publisher = "IEEE Computer Society",
    title = "Fast multi-dimensional parallel Euclidean distance transform based on mathematical morphology",
    year = "2001",
}


@incollection{Tek:1998,
	address = "Amsterdam, The Netherlands",
	author = "Tek, H and  Kimia, BB",
	booktitle = "Mathematical Morphology and its Applications to Image and Signal Processing",
	editor = "H. J. Heijmans and J. B. Roerdink",
	pages = "115--126",
	publisher = "Kluwer Academic",
	series = "Computational Imaging and Vision",
	title = "Curve Evolution, Wave Propagation, and Mathematical Morphology",
	volume = "12",
	year = "1998",
}

@article{Jain:1991,
	author = "Jain, R and  Binford, T",
	journal = "Cvgip",
	number = "1",
	pages = "112-117",
	title = "Dialogue: Ignorance, Myopia, and Naivete in Computer Vision Systems",
	volume = "53",
	year = "1991",
}

@inproceedings{Kimia:1992,
	address = "Capri, Italy",
	author = "Kimia, BB and  Tannenbaum, AR and  Zucker, SW",
	booktitle = "Proceedings of the International Workshop on Visual Shape",
	editor = "C. Arcelli and L. Cordella and G. S. Dibaja",
	note = "Conference held in May 1991.",
	organization = "IAPR",
	pages = "333--344",
	publisher = "Plenum Press",
	title = "Entropy Scale-Space",
	year = "1992",
}

@article{Cao:1998,
    author = "Cao, F",
    journal = "Journal de Mathematiques Pures Et Appliques",
    number = "9",
    pages = "909--941",
    title = "Partial Differential Equations and Mathematical Morphology",
    volume = "77",
    year = "1998",
} 

@book{Cao:2003,
	author = "Cao, F",
	publisher = "Lecture Notes in Mathematics, Springer Verlag",
	title = "Geometric Curve Evolution and Image Processing",
	volume = "1805",
	year = "2003",
}

@article{Kimia:1996,
	author = "Kimia, BB and  Siddiqi, K",
	journal = "CVGIP--Image Understanding",
	number = "3",
	pages = "305--322",
	title = "Geometric Heat Equation and Nonlinear Diffusion of Shapes and Images",
	volume = "64",
	year = "1996",
}

@article{Siddiqi:2002,
	author = "Siddiqi, K and  Bouix, S and  Tannenbaum, A and  Zucker, SW",
	journal = "International Journal of Computer Vision",
	month = "jul",
	number = "3",
	pages = "215--231",
	title = "Hamilton-{J}acobi skeletons",
	volume = "48",
	year = "2002",
}

@inproceedings{Tek:1995,
	author = "Tek, H and  Kimia, BB",
	booktitle = "Proc. of ICCV",
	pages = "156--162",
	title = "Image Segmentation by Reaction-Diffusion Bubbles",
	year = "1995",
}

@article{Sapiro:1993,
	author = "Sapiro, G and  Kimia, BB and  Kimmel, R and  Shaked, D and  Bruckstein, A",
	journal = "Pattern Recognition",
	number = "9",
	pages = "1363--1372",
	title = "Implementing Continuous-Scale Morphology",
	volume = "26",
	year = "1993",
}

@booklet{Teixeira:2001,
	author = "Teixeira, R",
	title = "Introdução aos espaços de escala - {EDP}'s em Processamento de Imagens",
	year = "2001",
}

@book{Sethian:1999,
	author = "Sethian, JA",
	publisher = "Cambridge University Press",
	title = "Level Set Methods and Fast Marching Methods: Evolving Interfaces in Computational Geometry",
	year = "1999",
}

@article{Pizer:2002,
	author = "Pizer, SM and  Siddiqi, K and  Székely, G and  Damon, JN and  Zucker, SW",
	journal = "Special Unc-midag Issue of International Journal of Computer Vision",
	title = "Multiscale Medial Loci and Their Properties",
	year = "2002",
}

@inproceedings{Meyer:1999,
	author = "Meyer, F and  Maragos, P",
	booktitle = "Scale-Space Theories in Computer Vision",
	pages = "351-362",
	series = "Lecture Notes in Computer Science",
	title = "Multiscale Morphological Segmentation based on Watershed,
  Flooding, and Eikonal {PDE}",
	volume = "v.1682",
	year = "1999",
}

  
@article{Levine:1992,
    author = "M. D. Levine and F. Leymarie",
    journal = "IEEE Transactions on Pattern Annalysis and Machine Inteligence",
    month = "jan",
    number = "1",
    pages = "56-75",
    title = "Simulating the Grassfire Transform Using an Active Contour Model",
    volume = "14",
    year = "1992",
}

@article{Aurenhammer:1991,
    author = "Aurenhammer, F",
    journal = "ACM Computing Surveys",
    number = "3",
    pages = "345-405",
    title = "{V}oronoi diagrams - a survey of a fundamental data structure",
    volume = "23",
    year = "1991",
}

@article{Junior:1996,
    author = "Junior, RMC and Costa, LDF",
    journal = "Pattern Recognition",
    month = "sep",
    number = "9",
    pages = "1559--1569",
    title = "Towards effective planar shape representation with multiscale digital curvature analysis based on signal processing techniques",
    volume = "29",
    year = "1996",
}

@phdthesis{Estrozi:2003,
    address = "Instituto de Fisica de Sao Carlos, Brazil",
    author = "L. F. Estrozi",
    school = "Universidade De Sao Paulo",
    title = "Estudo e Desenvolvimento de Tecnicas para o Calculo de Curvaturas e Eixos de Simetria",
    year = "2003",
}


@article{Kimia:1992b,
	author = "Benjamin B. Kimia and  Allen R. Tannenbaum and  Steven W. Zucker",
	journal = "Journal of Mathematical Analysis and Applications",
	month = "jan",
	number = "2",
	pages = "438-458",
	title = "On the evolution of curves via a function of curvature, {I}: The classical case",
	volume = "163",
	year = "1992",
}

@article{Giblin:2003,
	author = "Peter. J. Giblin and  Benjamin B. Kimia",
	journal = "International Journal of Computer Vision",
	title = "On the local form and transitions of symmetry sets, medial axes, and shocks",
	year = "2003",
}
  
@misc{Fabbri:2001,
    author = "Fabbri, R",
    howpublished = "\url{http://siptoolbox.sourceforge.net}",
    title = "Scilab Image Processing Toolbox",
}


@article{Haralick:1994,
	author = "Haralick, RM",
	journal = "Computer Vision Graphics and Image Processing",
	note = "This is a dialogue paper",
	pages = "245-249",
	title = "Performance Characterization in Computer Vision",
	year = "1994",
}

@article{Thomas:2003,
	author = "Thomas B. Sebastian and  Philip Klien and  Benjamin B. Kimia",
	journal = "IEEE Transactions on Pattern Analysis and Machine Intelligence",
	note = "Accepted",
	title = "Recognition of shapes by editing their shock graphs",
	year = "2003",
}

@article{Perona:1990,
	author = "P. Perona and  J. Malik",
	journal = "IEEE Transactions on Pattern Analysis and Machine Intelligence",
	pages = "629-639",
	title = "Scale-space and edge detection using anisotropic diffusion",
	volume = "12",
	year = "1990",
}
  
@article{Chen:1989,
    author = "M. Chen and P Yan",
    journal = "IEEE Patt. Anal. Mach. Intel.",
    number = "7",
    pages = "694-700",
    title = "Multiscaling approach based on morphological filtering",
    volume = "11",
    year = "1989",
}

@article{Jackway:1996,
	author = "Jackway, PT",
	journal = "IEEE T. Pattern Annal. Mach. Intell.",
	number = "1",
	pages = "38-51",
	title = "Scale-space properties of the multiscale morphological dilation-erosion",
	volume = "18",
	year = "1996",
}

@article{Siddiqi:1999,
	author = "Siddiqi, K and  Kimia, BB and  Tannenbaum, AR and  Zucker, SW",
	journal = "Image and Vision Computing Journal",
	pages = "365--373",
	title = "Shapes, Shocks and Wiggles",
	volume = "17",
	year = "1999",
}

@article{Kimia:1995,
	author = "Benjamin B. Kimia and  Allen R. Tannenbaum and  Steven W. Zucker",
	journal = "International Journal of Computer Vision",
	number = "3",
	pages = "189-224",
	title = "Shapes, shocks, and deformations, {I}: Thecomponents of shape and the reaction-diffusion space",
	volume = "15",
	year = "1995",
}

@article{Siddiqi:1999b,
	author = "Siddiqi, K and  Shokoufandeh, A and  Dickinson, S and  Zucker, SW",
	journal = "International Journal of Computer Vision",
	number = "1",
	pages = "13--32",
	title = "Shock Graphs and Shape Matching",
	volume = "35",
	year = "1999",
}

@article{Kimmel:1995,
	author = "Kimmel, R and  Shaked, D and  Kiryati, N and  Bruckstein, AM",
	journal = "Computer Vision and Image Understanding",
	number = "3",
	pages = "382--391",
	title = "Skeletonization via distance maps and level sets",
	volume = "62",
	year = "1995",
}

@article{Falcao:1999,
	author = "Falcão, A and  Lotufo, R",
	journal = "IEEE Transactions on Pattern Analysis and Machine Intelligence",
	note = "accepted",
	title = "The Image Foresting Transform",
	year = "1999",
}

@phdthesis{Kimia:1991,
	address = "Montreal, Canada",
	author = "Kimia, BB",
	note = "171 pages.",
	school = "McGill University, Electrical Engineering Dept.",
	title = "Toward a Computational Theory of Shape",
	year = "1991",
}

@article{Antonin:1995,
    author = "Antonin Chambolle",
    journal = "Siam Journal on Applied Mathematics",
    number = "3",
    pages = "827-863",
    title = "Image Segmentation by Variational Methods: Mumford and Shah Functional and the Discrete Approximations",
    volume = "55",
    year = "1995",
}


@ARTICLE(fA91,
   author = "F. Aurenhammer",
   title = "Voronoi diagrams - a survey of a fundamental data structure",
   journal = "ACM computing surveys",
   pages = "345-405",
   volume = 23,
   number = 3,
   year = 1991,
)

@ARTICLE(BWBD86,
   author = "J. Babaud and A. P. Witkin and  M. Baudin and R. O.
   Duda",
   title = "Uniqueness of the {G}aussian kernel for scaling-space filtering",
   journal = "IEEE T. Patt. Annal. Mach. Intell.",
   pages = "26-33",
   volume = 8,
   number = 1,
   year = 1986,
)

@ARTICLE(BLH96may,
   author = "J. A. Banghan and  P. D. Ling and R. Harvey",
   title = "Scale-space from nonlinear filters",
   journal = "IEEE T. Patt. Annal. Mach. Intell.",
   pages = "520-528",
   volume = 18,
   number = 5,
   year = 1996,
)


@INPROCEEDINGS(sB82,
   author = "S.  Beucher",
   title = "Watersheds  of  functions  and  picture segmentation",
   booktitle = "Proceedings of the IEEE Int. Conf. on Acoustics",
   year = 1982,
)

@ARTICLE(BM90,
   author = "S. Beucher and F. Meyer",
   title = "Morphological Segmentation",
   journal = "J. Visual Commun. Image Repres. 1990",
   pages = "21-46",
   volume = 1,
   year = 1990,
)

@INBOOK(BM93,
   author = "S. Beucher and F. Meyer",
   title = "The morphological approach to segmentation:  the  
   watershed  transformation",
   pages = "433-481",
   chapter = 12,
   publisher = "Marcel Dekker",
   year = 1993,
)


@INBOOK(blum67mat,
   author = "H. Blum",
   title = "A transformation for extracting new descriptors of shape",
   pages = "362-380",
   publisher = "MIT Press",
   year = 1967,
)


@ARTICLE(CC96a,
   author = "R. M. Cesar Junior and L. da F. Costa",
   title = "Towards effective  planar  shape  representation  
   with  multiscale   digital curvature analysis  based  on  
   signal  Processing  Techniques",
   journal = "Pattern Recognition",
   pages = "1559-1569",
   volume = 29,
   number = 9,
   year = 1996,
)

@BOOK(sethian1999book,
  author = "J. A. Sethian",
  title = "Level Set Methods and Fast Marching Methods: Evolving Interfaces in Computational Geometry",
  publisher = "Cambridge University Press",
  year = 1999,
)

@BOOK(CC2000,
   author = "R. M. Cesar Junior and L. da F. Costa",
   title = "Shape Analysis and Classification",
   publisher = "CRC press",
   year = 2000,
)

@ARTICLE(ldfC99,
   author = "L. da F. Costa",
   title = "Particle systems analysis by using
   skeletonization and exact dilations",
   journal = "Part. Systems Charact.",
   pages = "273-277",
   volume = 16,
   number = 6,
   year = 1999,
)

@ARTICLE(lucianoleandro99skl,
   author = "L. da F. Costa and L. F. Estrozi",
   title = "Multiresolution shape representation without border shifting",
   journal = "Electronics Letters",
   pages = "1829-1830",
   volume = 35,
   number = 21,
   year = 1999,
)

@ARTICLE(luciano2000skl,
   author = "L. da F. Costa",
   title = "Robust  skeletonization  through  exact euclidean
   distance    transform    and    its    application    to neuromorphometry",
   journal = "Real Time Imaging",
   pages = "415-431",
   volume = 6,
   year = 2000,
)

@ARTICLE(tadeu2001fastskl,
   author = "L. da F. Costa and E. T. M. Manoel",
   title = "Optimized approach to multiscale skeleton generation",
   journal = "Optical Engineering",
   pages = "1752-1753",
   volume = 40,
   number = 9,
   year = 2001,
)


@MISC(FECunific,
   author = "R. Fabbri and L. F. Estrozi and L. da F. Costa",
   title = "On Voronoi Diagrams and Medial Axes",
   journal = "Journal of Mathematical Imaging and Vision",
   note = "submitted",
)


@MISC(FLift,
   author = "A. Falcão and R. Lotufo et. al.",
   title = "The Image Foresting Transform",
   journal = "IEEE T. Patt. Analysis and Mach. Intell.",
   note = "submitted",
)


@ARTICLE(hH95,
   author = "H. J. A. M. Heijmans",
   title = "Mathematical  morphology:  {A} geometrical  approach  in  
   image  processing",
   journal = "SIAM Review",
   pages = "1-36",
   volume = 37,
   number = 1,
   year = 1995,
)

@ARTICLE(HM89,
   author = "R. Hummel and R. Moniot",
   title = "Reconstructions from zero crossings in scale space",
   journal = "IEEE T. Acoustics, Speech and Signal Processing",
   pages = "245-295",
   volume = 37,
   number = 12,
   year = 1989,
)

@ARTICLE(pJ96a,
   author = "P. T. Jackway",
   title = "Scale-space  properties  of  the   multiscale
morphological dilation-erosion",
   journal = "IEEE T. Pattern Annal. Mach. Intell.",
   pages = "38-51",
   volume = 18,
   number = 1,
   year = 1996,
)

@ARTICLE(pJ96b,
   author = "P. T. Jackway",
   title = "Gradient Watersheds in Morphological Scale-Space",
   journal = "IEEE T. Pattern Annal. Mach. Intell.",
   pages = "913-921",
   volume = 5,
   number = 6,
   year = 1996,
)

@ARTICLE(tL94,
   author = "T. Lindeberg",
   title = "Scale-space theory: a  basic  tool  for analysing  
   structures  at  different  scales",
   journal = "Journal of Applied Statistics",
   pages = "224-270",
   volume = 21,
   number = 2,
   year = 94,
)


@BOOK(dM82,
   author = "D. Marr",
   title = "Vision",
   publisher = "Freeman",
   year = 1982,
)

@BOOK(gonzalez,
   author = "R. C. Gonzalez and R. E. Woods",
   title = "Digital Image Processing",
   publisher = "Addison-Wesley", year = 1992,
   address = "Reading, Massachusetts"
)


@INPROCEEDINGS(MM99,
   author = "F. Meyer and P. Maragos",
   title = "Multiscale
       Morphological Segmentation based on Watershed, Flooding, and  Eikonal
       PDE",
   booktitle = "Scale-Space Theories in Computer Vision",
   pages = "351-362",
   year = 1999,
)

@BOOK(rP97,
   author = "R. Parker",
   title = "Algorithms for image processing and computer vision",
   publisher = "Wiley",
   year = 1997,
)


@ARTICLE(aR86,
   author = "A. Rosenfeld",
   title = "Axial Representations of Shape",
   journal = "Computer Vision, Graphics and Image Processing",
   pages = "156-173",
   volume = 33,
   year = 1986,
)


@BOOKLET(rT2001,
   author = "R. Teixeira",
   title = "Introdução aos espaços de escala -
       EDP's em Processamento de Imagens",
   howpublished = "Livro--texto de minicurso do 23o. Colóquio
   Brasileiro de Matemática",
   address = "IMPA--Rio de Janeiro",
   year = 2001,
)


@ARTICLE(mS96,
   author = "M. Schena",
   title = "Genome analysis with gene expression microarrays",
   journal = "Bioessays",
   pages = "427-431",
   volume = 18,
   number = 5,
   year = 1996,
)

@ARTICLE{ schena95quantitative,
  author = "M. Schena and D. Shalon and R. Davis and P. Brown",
  title = "Quantitative monitoring of gene expression patterns with a 
   complementary {D}{N}{A} microarray",
  journal = "Science",
  pages = "270-467",
  volume = 70,
  year = 1995,
}

@ARTICLE(brown2001expression,
   author = "A. Gasch, M. Huang, P. Brown et. al.",
   title = "Genomic expression responses to DNA-damaging agents and
   the regulatory role of the yeast ATR homolog Mec1p",
   journal = "Molecular Biology of the Cell",
   pages = "2987-3003",
   volume = 12,
   number = 10,
   year = 2001,
)

@Book{Serra82,
  author =  {J. Serra},
  title =   {Image Analysis and Mathematical Morphology},
  year = 1982,
  volume =  1,
  publisher =  {Academic Press},
  address = {London, England},
  keywords =   {}
}

@BOOK(jS82,
   author = "J. Serra",
   title = "Image Analysis  and  Mathematical  Morphology",
   publisher = "Academic Press",
   volume = 2,
   year = 1982,
)

@BOOK(elon1993espacosmetricos,
   author = "E. L. Lima",
   title = "Espaços Métricos",
   publisher = "IMPA",
   edition = 3,
   year = 1993,
)


@ARTICLE(lv91,
   author = "L. Vincent and P. Soille",
   title = "Watersheds in digital spaces: {A}n efficient
   algorithm based on imersion simmulations",
   journal = "IEEE T. Patt. Anal. Mach. Intel.",
   pages = "583-598",
   volume = 13,
   number = 6,
   year = 1991,
)

@ARTICLE(dW97,
   author = "D. Wang",
   title = "A  multiscale  gradient  algorithm  for   image
       segmentation using watersheds",
   journal = "Pattern Recognition",
   pages = "2043-2062",
   volume = 30,
   number = 12,
   year = 1997,
)


@TECHREPORT(yang2000comparison,
   author = "Y. H. Yang and M. J. Buckley and S. Dudoit and T. P. Speed",
   title = "Comparison of methods for  image  analysis  on
       c{D}{N}{A} microarray data",
   institution = "University of California, Berkeley",
   year = 2000,
)


@ARTICLE(CY89,
   author = "M. Chen and P. Yan",
   title = "Multiscaling approach based on morphological
   filtering",
   journal = "IEEE Patt. Anal. Mach. Intel.",
   pages = "694-700",
   volume = 11,
   number = 7,
   year = 1989,
)

@ARTICLE(mL87,
   author = "M. Leyton",
   title = "Simmetry--Curvature duality",
   journal = "CVGIP",
   pages = "327-341",
   volume = 38,
   year = 1987,
)


@MISC(SIPurl,
   author = "R. Fabbri",
   title = "Scilab Image Processing Toolbox",
   howpublished = {\url{http://cyvision.if.sc.usp.br/~rfabbri/sip}},
)

@MISC(SIPDEVurl,
   author = "R. Fabbri",
   title = "SIP Development home page",
   howpublished = {\url{http://cyvision.if.sc.usp.br/~rfabbri/sip/devel}},
)

@MISC(ImageMagickurl,
   title = "Image{M}agick",
   howpublished = {\url{www.imagemagick.org}},
)

@MISC(Libtoolurl,
   author = "Free Software Foundation, Inc.",
   title = "{GNU} Libtool",
   howpublished = {\url{www.gnu.org/software/libtool/libtool.html}},
)

@MISC(Cygwinurl,
   author = "Red Hat, Inc.",
   title = "Cygwin",
   howpublished = {\url{www.cygwin.com}},
)

@MISC(CVSurl,
   title = "{CVS} -- Concurrent Versions System",
   howpublished = {\url{www.cvshome.org}},
)

@MISC(Scilaburl,
   author = "INRIA", 
   title = "Scilab",
   howpublished = {\url{www.scilab.org}},
)

@ARTICLE(VS91,
   author = "L. Vincent and P. Soille",
   title = "Watersheds in digital spaces:{A}n efficient algorithm 
   based on immersion simulations",
   journal = "IEEE T. Patt. Annal. Mach. Intell.",
   pages = "583-597",
   volume = 13,
   year = 1991,
)

@INPROCEEDINGS(barrera2001gridding,
   author = "R. Hirata and J. Barrera and R. F. Hashimoto and D. Dantas",
   title = "Microarray Gridding by Mathematical Morphology",
   booktitle = {Proceedings of the 14$^{th}$ Brazilian Symposium on Computer
   Graphics and Image Processing},
   publisher = {IEEE Computer Society},
   address   = {Florianópolis-Brazil},
   pages     = {112-119},
   year      = {2001},
)

@INPROCEEDINGS(sibgrapi97gel,
   author = "A. Machado and M. Campos and A. Siqueira and O. Carvalho",
   title = "An Iterative Algorithm for Segmenting Lanes in Gel
   Electrophoresis Images",
   booktitle = {Proceedings of the 10$^{th}$ Brazilian Symposium on Computer
   Graphics and Image Processing},
   publisher = {IEEE Computer Society},
   address   = {Campos do Jordão-Brazil},
   pages     = {140-146},
   year      = {1997},
)

@INPROCEEDINGS(falcao2001skl,
   author = "A. X. Falcao and B. S. da Cunha",
   title = "Multiscale shape representation by {I}mage {F}oresting {T}ransform",
   booktitle = {Proceedings of SPIE},
   publisher = {The International Society for Optical Engineering},
   address   = {San Diego, CA, USA},
   pages     = {1091-1100},
   year      = {2001},
)

@ARTICLE(fabbri2002jmiv,
   author = "R. Fabbri and L. F. Estrozi and L. da F. Costa",
   title = "On {V}oronoi {D}iagrams and {M}edial {A}xes",
   journal = "Journal of Mathematical Imaging and Vision",
   volume = 17,
   number = 1,
   year = 2002,
)

@INPROCEEDINGS{ witkin83scale,
    author = "A. Witkin",
    title = "Scale space filtering",
    booktitle = "Proc. Int. Joint Conf. Artificial Intell.",
    address = "Karsruhe, West Germany" ,
    publisher = "Morgan-Kaufmann, Palo Alto, California",
    pages = "1019-1022",
    year = "1983",
}

@ARTICLE(phimister99naturegenetics,
   author = "B. Phiminster",
   title = "Going Global",
   journal = "Supplement to Nature Genetics",
   pages = "1",
   volume = 21,
   number = 1,
   year = 1999,
)


@article{Fabbri:EDT:survey:ACMCSurv08,
    author = "R. Fabbri and L. da F. Costa and J. C. Torelli and O. M. Bruno",
    journal = "ACM Computing Surveys",
    number = "1",
    pages = "2:1--2:44",
    title = "{2D Euclidean} Distance Transform Algorithms: A Comparative Survey",
    volume = "40",
    year = "2008",
}

@article{Fabbri:EDT:distributed:IJPRAI10,
    author = "Julio Cesar Torelli and Ricardo Fabbri and Gonzalo Travieso and Odemir M. Bruno",
    journal = "International Journal of Pattern Recognition and Artificial Intelligence",
    number = "6",
    pages = "1--19",
    title = "A high performance {3D} exact Euclidean distance transform
    algorithm for distributed computing",
    volume = "24",
    year = "2010",
}

@inbook{Ashlock:2002,
	author = "Dan Ashlock and  Jim Golden",
	chapter = "11",
	pages = "231-255",
	publisher = "Morgan Kaufmann",
	title = "Evolutionary Computation and Fractal Visualization of Sequence Data",
	year = "2002",
}

@book{Baldi:2001,
	author = "Pierre Baldi and  Sren Brunak and  Soren Brunak",
	publisher = "Mit Press",
	title = "Bioinformatics (Adaptive Computation and and Machine Learning)",
	year = "2001",
}

@book{Mitchison:1999,
	author = "G. Mitchison and  A. Krogh and  S. Eddy",
	publisher = "Cambridge University Press",
	title = "Biological Sequence Analysis: Probabilistic Models of Proteins and Nucleic Acids",
	year = "1999",
}

@article{Jef:1990,
	author = "Jeffrey, HJ",
	journal = "Nucleic Acids Research",
	number = "8",
	pages = "2163--2170",
	title = "Chaos game representation of gene structure",
	volume = "18",
	year = "1990",
}

@inproceedings{Molina:etal:ICDM2002,
  title={Feature selection algorithms: A survey and experimental evaluation},
  author={Molina, L.C. and Belanche, L. and Nebot, {\`A}.},
  booktitle={Data Mining, 2002. ICDM 2002. Proceedings. 2002 IEEE International Conference on},
  pages={306--313},
  year={2002},
  organization={IEEE}
}

@article{Lowe:IJCV2004,
  title={Distinctive image features from scale-invariant keypoints},
  author={Lowe, D.G.},
  journal={International journal of computer vision},
  volume={60},
  number={2},
  pages={91--110},
  year={2004},
  publisher={Springer}
}

@inproceedings{Dalal:Triggs:CVPR2005,
  title={Histograms of oriented gradients for human detection},
  author={Dalal, N. and Triggs, B.},
  booktitle={Computer Vision and Pattern Recognition, 2005. CVPR 2005. IEEE Computer Society Conference on},
  volume={1},
  pages={886--893},
  year={2005},
  organization={IEEE}
}

@article{Hadjidemetriou:etal:PAMI2004,
  title={Multiresolution histograms and their use for recognition},
  author={Hadjidemetriou, E. and Grossberg, M.D. and Nayar, S.K.},
  journal={Pattern Analysis and Machine Intelligence, IEEE Transactions on},
  volume={26},
  number={7},
  pages={831--847},
  year={2004},
  publisher={IEEE}
}

@article{Fabbri:etal:Arxiv2012,
  title={Scilab and {SIP} for Image Processing},
  author={Fabbri, R. and Bruno, O. M. and Costa, L.F.},
  journal={Arxiv preprint arXiv:1203.4009},
  year={2012}
}

